-----------------------------skin----------------------------------
ref4
@generic{eliana2022,
   author = {Eliana B. Souto and Joana F. Fangueiro and Ana R. Fernandes and Amanda Cano and Elena Sanchez-Lopez and Maria L. Garcia and Patrícia Severino and Maria O. Paganelli and Marco V. Chaud and Amélia M. Silva},
   year = {2022},
   title = {Physicochemical and biopharmaceutical aspects influencing skin permeation and role of SLN and NLC for skin drug delivery},
   doi = {10.1016/j.heliyon.2022.e08938},
   issn = {24058440},
   issue = {2},
   journal = {Heliyon},
   keywords = {Bioavailability,Dermal application,Nanostructured lipid carriers,Skin permeation,Solid lipid nanoparticles},
   month = {2},
   publisher = {Elsevier Ltd},
   volume = {8},
}
ref1
@article{elin2018,
   author = {Elin Jørgensen and Giulia Lazzarini and Andrea Pirone and Stine Jacobsen and Vincenzo Miragliotta},
   year = {2018},
   title = {Normal microscopic anatomy of equine body and limb skin: A morphological and immunohistochemical study},
   pages = {205-212},
   doi = {10.1016/j.aanat.2018.03.010},
   issn = {16180402},
   journal = {Annals of Anatomy},
   keywords = {Differentiation markers,Epithelial thickness,Horse,Mast cells,Proliferation index,Skin},
   month = {7},
   pmid = {29730469},
   publisher = {Elsevier GmbH},
   volume = {218},
}
ref3
@report{sarah2021,
   author = {Sarah A Mohamed and Rachel Hargest},
   year={2021},
   title = {Surgical anatomy of the skin},
   keywords = {Dermis,epidermis,hypodermis,wound closure},
}
ref5
@article{mcgrath2004,
  author={McGrath, JA and Eady, RAJ and Pope, FM},
  year={2004},
  title={Anatomy and organization of human skin},
  pages={3--2},
  journal={Rook's textbook of dermatology},
  volume={1},
  publisher={Wiley-Blackwell, London, UK,}
}
ref2
@generic{joseph2020,
   author = {Joseph M. Abdo and Nikolai A. Sopko and Stephen M. Milner},
   year = {2020},
   title = {The applied anatomy of human skin: A model for regeneration},
   doi = {10.1016/j.wndm.2020.100179},
   issn = {22139109},
   journal = {Wound Medicine},
   keywords = {Dermal immune defenses,Full-thickness skin,Skin physiology,Tissue modeling,Vitamin D synthesis,Wound healing},
   month = {3},
   publisher = {Elsevier GmbH},
   volume = {28},
}
@misc{fig-skin,
   title={Skin, Cleveland Clinic},
   publisher={Cleveland Clinic},
   howpublished = "\url{https://my.clevelandclinic.org/health/articles/10978-skin}"
}
@misc{fig-hair,
   title={Hair And Human Skin Anatomy},
   howpublished = "\url{https://www.vecteezy.com/vector-art/3190201-hair-and-human-skin-anatomy}"
}
@misc{vitaminD,
   title={Vitamin D and the skin: Focus on a complex relationship},
   howpublished = "\url{https://www.ncbi.nlm.nih.gov/pmc/articles/PMC4642156/}"
}
@misc{protectiveBarrier,
   title={Skin Barrier Basics for People With Eczema, National Eczema Association},
   publisher={National Eczema Association},
   howpublished = "\url{https://nationaleczema.org/what-is-my-skin-barrier/}"
}






-----------------------------cancer----------------------------------
ref2
@article{rachita2021,
   title = {The cell of cancer origin provides the most reliable roadmap to its diagnosis, prognosis (biology) and therapy},
   year = {2021},
   author = {Rachita Pandya and Kaitlyn Grace San Diego and Talha Shabbir and Arnav P. Modi and Justin Wang and Joseph Dhahbi and Sanford H. Barsky},
   doi = {10.1016/j.mehy.2021.110704},
   issn = {15322777},
   journal = {Medical Hypotheses},
   keywords = {Cancers of Dispensable Organs (CAD),Cancers of Unknown Primary (CUP),Cell of cancer origin,Metastasis of Unknown Origin (MUO),Pseudomyxoma Peritonei},
   month = {12},
   pmid = {34688214},
   publisher = {Churchill Livingstone},
   volume = {157},
}
ref1
@article{mahsa2022,
   title = {Potential therapeutic effects of hAMSCs secretome on Panc1 pancreatic cancer cells through downregulation of SgK269, E-cadherin, vimentin, and snail expression},
   year = {2022},
   author = {Mahsa Alidoust Saharkhiz Lahiji and Fatemeh Safari},
   doi = {10.1016/j.biologicals.2022.02.001},
   issn = {10958320},
   journal = {Biologicals},
   keywords = {Apoptosis,EMT,Panc1 cancer cells,SgK269,hAMSCs},
   publisher = {Academic Press},
}
ref3
@misc{whatiscancer2021,
   title={What Is Cancer?, National Cancer Institute},
   year={2021},
   publisher={National Cancer Institute},
   howpublished = "\url{https://www.cancer.gov/about-cancer/understanding/what-is-cancer}"
}

@misc{cancerstatistics2020,
   title={Cancer Statistics, National Cancer Institute},
   year={2020},
   publisher={National Cancer Institute},
   howpublished = "\url{https://www.cancer.gov/about-cancer/understanding/statistics}"
}
@misc{mutations,
   title={What is a mutation?},
   howpublished = "\url{https://www.yourgenome.org/facts/what-is-a-mutation}"
}
@misc{reaarangement,
   title={Chromothripsis},
   howpublished = "\url{https://en.wikipedia.org/wiki/Chromothripsis}"
}
@misc{benignMalignant,
   title={Differences Between a Malignant and Benign Tumor, Verywell Health},
   publisher={Verywell Health},
   howpublished = "\url{https://www.verywellhealth.com/what-does-malignant-and-benign-mean-514240}"
}
@misc{cancerStat,
   title={Cancer, World Health Organization},
   publisher={World Health Organization},
   howpublished = "\url{https://www.who.int/news-room/fact-sheets/detail/cancer}"
}








-----------------------------skin cancer----------------------------------
ref1
@misc{mayo2020,
   title={Skin Cancer, Mayo Clinic},
   publisher={Mayo Clinic},
   year={2020},
   howpublished = "\url{https://www.mayoclinic.org/diseases-conditions/skin-cancer/symptoms-causes/syc-20377605#:~:text=Skin%20cancer%20%E2%80%94%20the%20abnormal%20growth,squamous%20cell%20carcinoma%20and%20melanoma.}"
}
ref2
@misc{clinic2020,
   title={Skin Cancer Diagnosis, Mayo Clinic},
   publisher={Mayo Clinic},
   year={2020},
   howpublished = "\url{https://www.mayoclinic.org/diseases-conditions/skin-cancer/diagnosis-treatment/drc-20377608}"
}
ref3
@misc{scf2022,
   title={Skin Cancer 101, Skin Cancer Foundation},
   publisher={Skin Cancer Foundation},
   year={2022},
   howpublished = "\url{https://www.skincancer.org/skin-cancer-information/}"
}
ref4
@misc{scfp2022,
   title={Skin Cancer Prevention, Skin Cancer Foundation},
   publisher={Skin Cancer Foundation},
   year={2022},
   howpublished = "\url{https://www.skincancer.org/skin-cancer-prevention/}"
}
ref5
@misc{nhs2020,
   title={Skin cancer (non-melanoma), NHS},
   publisher={NHS},
   year={2020},
   howpublished = "\url{https://www.nhs.uk/conditions/non-melanoma-skin-cancer/}"
}
basal
@misc{epr2021,
   title={First immunotherapy for advanced basal cell carcinoma approved in US, European Pharmacautical Review},
   publisher={European Pharmacautical Review},
   year={2021},
   howpublished = "\url{https://www.europeanpharmaceuticalreview.com/news/142524/libtayo-first-immunotherapy-for-advanced-basal-cell-carcinoma-approved-in-us/}"
}
squamos
@misc{wd,
   title={Squamous Cell Carcinoma, Walk-in Dermatology},
   publisher={Walk-in Dermatology},
   howpublished = "\url{https://walkindermatology.com/patient-education/squamous-cell-carcinoma/}"
}
melanoma
@misc{wiki2022,
   title={Cancer, Wikipidia},
   publisher={wikipedia},
   year={2022},
   howpublished = "\url{https://fr.wikipedia.org/wiki/M%C3%A9lanome}"
}
tanning bed
@misc{byrdie2022,
   title={Do You Get Vitamin D From Tanning Beds? 6 Tanning Myths Debunked, Byrdie},
   publisher={Byrdie},
   year={2022},
   howpublished = "\url{https://www.byrdie.com/do-you-get-vitamin-d-from-tanning-beds-5089819}"
}
sunlamp
@misc{sperti,
   title={Illuminate Your Health with the Vitamin D Sunlamp, Sperti},
   publisher={Sperti},
   howpublished = "\url{https://www.sperti.com/}"
}





-----------------------------AI----------------------------------
ref1
@misc{ai,
   title={Artificial Intelligence, built in},
   publisher={built in},
   year={},
   howpublished = "\url{https://builtin.com/artificial-intelligence}"
}
ref2
@misc{ml,
   title={machine learning, built in},
   publisher={built in},
   year={},
   howpublished = "\url{https://builtin.com/machine-learning}"
}
ref3
@misc{dl,
   title={Deep Learning: An In-Depth Look Into the AI-Based Tech, built in},
   publisher={built in},
   year={},
   howpublished = "\url{https://builtin.com/artificial-intelligence/deep-learning}"
}
ref4
@misc{turing,
   title={Turing Test, Investopedia},
   author={JAKE FRANKENFIELD},
   publisher={Investopedia},
   year={2022},
   howpublished = "\url{https://www.investopedia.com/terms/t/turing-test.asp}"
}
ref5 the versus figure
@misc{versus,
   title={Artificial Intelligence vs. Machine Learning vs. Deep Learning: Essentials, serokell.io},
   author={Yulia Gavrilova},
   publisher={serokell.io},
   year={2020},
   howpublished = "\url{https://serokell.io/blog/ai-ml-dl-difference}"
}

