@generic{Souto2022,
   author = {Eliana B. Souto and Joana F. Fangueiro and Ana R. Fernandes and Amanda Cano and Elena Sanchez-Lopez and Maria L. Garcia and Patrícia Severino and Maria O. Paganelli and Marco V. Chaud and Amélia M. Silva},
   year = {2022},
   title = {Physicochemical and biopharmaceutical aspects influencing skin permeation and role of SLN and NLC for skin drug delivery},
   doi = {10.1016/j.heliyon.2022.e08938},
   issn = {24058440},
   issue = {2},
   journal = {Heliyon},
   keywords = {Bioavailability,Dermal application,Nanostructured lipid carriers,Skin permeation,Solid lipid nanoparticles},
   month = {2},
   publisher = {Elsevier Ltd},
   volume = {8},
}
@article{,
   author = {Elin Jørgensen and Giulia Lazzarini and Andrea Pirone and Stine Jacobsen and Vincenzo Miragliotta},
   year = {2018},
   title = {Normal microscopic anatomy of equine body and limb skin: A morphological and immunohistochemical study},
   pages = {205-212},
   doi = {10.1016/j.aanat.2018.03.010},
   issn = {16180402},
   journal = {Annals of Anatomy},
   keywords = {Differentiation markers,Epithelial thickness,Horse,Mast cells,Proliferation index,Skin},
   month = {7},
   pmid = {29730469},
   publisher = {Elsevier GmbH},
   volume = {218},
}
@report{,
   author = {Sarah A Mohamed and Rachel Hargest},
   year={2021},
   title = {Surgical anatomy of the skin},
   keywords = {Dermis,epidermis,hypodermis,wound closure},
}
@article{mcgrath2004anatomy,
  author={McGrath, JA and Eady, RAJ and Pope, FM},
  year={2004},
  title={Anatomy and organization of human skin},
  pages={3--2},
  journal={Rook’s textbook of dermatology},
  volume={1},
  publisher={Wiley-Blackwell, London, UK,}
}
@generic{Abdo2020,
   author = {Joseph M. Abdo and Nikolai A. Sopko and Stephen M. Milner},
   year = {2020},
   title = {The applied anatomy of human skin: A model for regeneration},
   doi = {10.1016/j.wndm.2020.100179},
   issn = {22139109},
   journal = {Wound Medicine},
   keywords = {Dermal immune defenses,Full-thickness skin,Skin physiology,Tissue modeling,Vitamin D synthesis,Wound healing},
   month = {3},
   publisher = {Elsevier GmbH},
   volume = {28},
}
