@article{Pandya2021,
   title = {The cell of cancer origin provides the most reliable roadmap to its diagnosis, prognosis (biology) and therapy},
   year = {2021},
   author = {Rachita Pandya and Kaitlyn Grace San Diego and Talha Shabbir and Arnav P. Modi and Justin Wang and Joseph Dhahbi and Sanford H. Barsky},
   doi = {10.1016/j.mehy.2021.110704},
   issn = {15322777},
   journal = {Medical Hypotheses},
   keywords = {Cancers of Dispensable Organs (CAD),Cancers of Unknown Primary (CUP),Cell of cancer origin,Metastasis of Unknown Origin (MUO),Pseudomyxoma Peritonei},
   month = {12},
   pmid = {34688214},
   publisher = {Churchill Livingstone},
   volume = {157},
}
@article{,
   title = {Potential therapeutic effects of hAMSCs secretome on Panc1 pancreatic cancer cells through downregulation of SgK269, E-cadherin, vimentin, and snail expression},
   year = {2022},
   author = {Mahsa Alidoust Saharkhiz Lahiji and Fatemeh Safari},
   doi = {10.1016/j.biologicals.2022.02.001},
   issn = {10958320},
   journal = {Biologicals},
   keywords = {Apoptosis,EMT,Panc1 cancer cells,SgK269,hAMSCs},
   publisher = {Academic Press},
}
@misc{
   title={What Is Cancer?},
   year={2021},
   publisher={National Cancer Institute},
   howpublished = "\url{https://www.cancer.gov/about-cancer/understanding/what-is-cancer#:~:text=Cancer%20is%20a%20disease%20in,up%20of%20trillions%20of%20cells.}"
}
